<record><leader>00000cas a22000007a 4500</leader><controlfield tag="001">29306723</controlfield><controlfield tag="008">931112c19939999ksuwn ne      0   a0eng c</controlfield><datafield ind1=" " ind2=" " tag="010"><subfield code="a">sn 93005595 </subfield></datafield><datafield ind1=" " ind2=" " tag="040"><subfield code="a">NSD</subfield><subfield code="b">eng</subfield><subfield code="c">NSD</subfield><subfield code="d">OCLCQ</subfield></datafield><datafield ind1=" " ind2=" " tag="012"><subfield code="m">1</subfield></datafield><datafield ind1="1" ind2=" " tag="022"><subfield code="a">1073-0699</subfield><subfield code="l">1073-0699</subfield><subfield code="2">1</subfield></datafield><datafield ind1=" " ind2=" " tag="032"><subfield code="a">763570</subfield><subfield code="b">USPS</subfield></datafield><datafield ind1=" " ind2=" " tag="037"><subfield code="b">The Prairie Post, 108 E. MacKinzie St., White City, KS  66872-0326</subfield></datafield><datafield ind1=" " ind2=" " tag="042"><subfield code="a">nsdp</subfield><subfield code="a">pcc</subfield></datafield><datafield ind1="0" ind2=" " tag="130"><subfield code="a">Prairie post (White City, Kan.)</subfield></datafield><datafield ind1=" " ind2="4" tag="222"><subfield code="a">The Prairie post</subfield><subfield code="b">(White City, Kan.)</subfield></datafield><datafield ind1="0" ind2="4" tag="245"><subfield code="a">The Prairie post.</subfield></datafield><datafield ind1=" " ind2=" " tag="260"><subfield code="a">White City, KS :</subfield><subfield code="b">D. Lyons-Blythe,</subfield><subfield code="c">[1993-</subfield></datafield><datafield ind1=" " ind2=" " tag="300"><subfield code="a">v.</subfield></datafield><datafield ind1=" " ind2=" " tag="310"><subfield code="a">Weekly (except first weeks of Mar. and May)</subfield></datafield><datafield ind1="0" ind2=" " tag="362"><subfield code="a">Vol. 1, no. 1 (Oct. 7, 1993)-</subfield></datafield><datafield ind1=" " ind2=" " tag="752"><subfield code="a">United States</subfield><subfield code="b">Kansas</subfield><subfield code="c">Morris</subfield><subfield code="d">White City.</subfield></datafield><datafield ind1="0" ind2="0" tag="780"><subfield code="t">White City reporter</subfield><subfield code="x">0888-2541</subfield><subfield code="w">(DLC)sn 86063897</subfield><subfield code="w">(OCoLC)13474829</subfield></datafield></record>